<?xml version="1.0" encoding="UTF-8"?><collection xmlns="http://www.loc.gov/MARC21/slim"><record><leader>00556nam--2200181-i-4500</leader><controlfield tag="001">000044547</controlfield><controlfield tag="002">20161230</controlfield><controlfield tag="005">20161230201044</controlfield><controlfield tag="008">060222s1000------------r-----000-0-eng-d</controlfield><datafield ind1=" " ind2=" " tag="040"><subfield code="a">IFIN-HH</subfield></datafield><datafield ind1=" " ind2=" " tag="080"><subfield code="a">536.7:061.3</subfield></datafield><datafield ind1="1" ind2=" " tag="100"><subfield code="a">Gyarmati, Istvan</subfield></datafield><datafield ind1="1" ind2="0" tag="245"><subfield code="a">Non-equilibrium thermodynamics</subfield><subfield code="b">Field theory and variational principles</subfield><subfield code="c">Istvan gyarmati</subfield></datafield><datafield ind1=" " ind2=" " tag="260"><subfield code="a">Berlin</subfield><subfield code="b">Springer-verlag</subfield><subfield code="c">1970</subfield></datafield><datafield ind1=" " ind2=" " tag="300"><subfield code="a">184P</subfield></datafield><datafield ind1=" " ind2=" " tag="490"><subfield code="a">Ingenieurwissenschaftliche Bibliothek; Engineering Science Library</subfield></datafield><datafield ind1=" " ind2=" " tag="852"><subfield code="a">33195</subfield><subfield code="c">536.7</subfield></datafield><datafield ind1=" " ind2=" " tag="CAT"><subfield code="a">Sys</subfield><subfield code="c">20110602</subfield><subfield code="h">151744</subfield></datafield></record></collection>